<?xml version = "1.0" encoding = "UTF-8"?><record>
  <leader>01835nmm#a2200421#c#4500</leader>
  <controlfield tag="005">20210409025811.0</controlfield>
  <controlfield tag="007">co#|||||||||||</controlfield>
  <controlfield tag="008">101019|2009####gw#####dq##|########ger#c</controlfield>
  <controlfield tag="003">DE-605</controlfield>
  <controlfield tag="001">990182558890206441</controlfield>
  <datafield tag="016" ind1="7" ind2=" ">
    <subfield code="a">1106941438</subfield>
    <subfield code="2">OCoLC</subfield>
  </datafield>
  <datafield tag="024" ind1="3" ind2=" ">
    <subfield code="a">4030521100633</subfield>
  </datafield>
  <datafield tag="028" ind1="5" ind2="2">
    <subfield code="a">10063</subfield>
  </datafield>
  <datafield tag="035" ind1=" " ind2=" ">
    <subfield code="a">(DE-605)HT016556189</subfield>
  </datafield>
  <datafield tag="040" ind1=" " ind2=" ">
    <subfield code="a">61</subfield>
    <subfield code="b">ger</subfield>
    <subfield code="d">61</subfield>
    <subfield code="e">rakwb</subfield>
  </datafield>
  <datafield tag="041" ind1=" " ind2=" ">
    <subfield code="a">ger</subfield>
    <subfield code="a">eng</subfield>
  </datafield>
  <datafield tag="044" ind1=" " ind2=" ">
    <subfield code="c">XA-DE</subfield>
  </datafield>
  <datafield tag="090" ind1=" " ind2=" ">
    <subfield code="i">d</subfield>
  </datafield>
  <datafield tag="245" ind1="0" ind2="0">
    <subfield code="a">Jabberwocky</subfield>
    <subfield code="h">Bildtontr&#228;ger</subfield>
    <subfield code="c">Michael Palin mit Harry H. Corbett ; John LeMesurier... Drehbuch: Charles Alverson ... Nach der Geschichte von Lewis Caroll. Regie: Terry Gilliam</subfield>
  </datafield>
  <datafield tag="264" ind1=" " ind2="1">
    <subfield code="a">M&#252;nchen</subfield>
    <subfield code="b">Sony Pictures Home Entertainment</subfield>
    <subfield code="c">2009</subfield>
  </datafield>
  <datafield tag="300" ind1=" " ind2=" ">
    <subfield code="a">1 DVD-Video (ca. 101 Min.)</subfield>
    <subfield code="b">PAL, L&#228;ndercode 2, farb., Bildformat 16:9 widescreen, Dolby Digital</subfield>
    <subfield code="c">12 cm</subfield>
  </datafield>
  <datafield tag="340" ind1=" " ind2=" ">
    <subfield code="a">DVD-Video</subfield>
    <subfield code="9">F:652a</subfield>
  </datafield>
  <datafield tag="500" ind1=" " ind2=" ">
    <subfield code="a">Orig.: Gro&#223;britannien, 1977. - Freigegeben ab 16 Jahren</subfield>
    <subfield code="9">F:511</subfield>
  </datafield>
  <datafield tag="521" ind1="8" ind2=" ">
    <subfield code="a">FSK Freigegeben ab 16 Jahren</subfield>
  </datafield>
  <datafield tag="546" ind1=" " ind2=" ">
    <subfield code="a">Sprachen: engl., dt.</subfield>
  </datafield>
  <datafield tag="546" ind1=" " ind2=" ">
    <subfield code="a">Untertitel: dt., engl., arab., bulgar., d&#228;n., finn., franz., griech., hebr., hindi, holl&#228;nd., isl&#228;nd., norweg., poln., portug., schwed., tschech., t&#252;rk., ungar.</subfield>
  </datafield>
  <datafield tag="700" ind1="1" ind2=" ">
    <subfield code="a">Gilliam, Terry</subfield>
    <subfield code="d">1940-</subfield>
    <subfield code="0">(DE-588)119011077</subfield>
    <subfield code="4">drt</subfield>
    <subfield code="0">(uri) https://portal.dnb.de/opac.htm?method=simpleSearch&amp;cqlMode=true&amp;query=idn=119011077</subfield>
    <subfield code="0">(uri) http://viaf.org/viaf/sourceID/DNB|119011077</subfield>
    <subfield code="B">GND-119011077</subfield>
  </datafield>
  <datafield tag="700" ind1="1" ind2=" ">
    <subfield code="a">Corbett, Harry H.</subfield>
    <subfield code="d">1925-1982</subfield>
    <subfield code="0">(DE-588)132332582</subfield>
    <subfield code="4">act</subfield>
    <subfield code="0">(uri) https://portal.dnb.de/opac.htm?method=simpleSearch&amp;cqlMode=true&amp;query=idn=132332582</subfield>
    <subfield code="0">(uri) http://viaf.org/viaf/sourceID/DNB|132332582</subfield>
    <subfield code="B">GND-132332582</subfield>
  </datafield>
  <datafield tag="700" ind1="1" ind2=" ">
    <subfield code="a">Le Mesurier, John</subfield>
    <subfield code="d">1912-1983</subfield>
    <subfield code="0">(DE-588)123401208</subfield>
    <subfield code="4">act</subfield>
    <subfield code="0">(uri) https://portal.dnb.de/opac.htm?method=simpleSearch&amp;cqlMode=true&amp;query=idn=123401208</subfield>
    <subfield code="0">(uri) http://viaf.org/viaf/sourceID/DNB|123401208</subfield>
    <subfield code="B">GND-123401208</subfield>
  </datafield>
  <datafield tag="700" ind1="1" ind2=" ">
    <subfield code="a">Palin, Michael</subfield>
    <subfield code="d">1943-</subfield>
    <subfield code="0">(DE-588)120113562</subfield>
    <subfield code="4">act</subfield>
    <subfield code="0">(uri) https://portal.dnb.de/opac.htm?method=simpleSearch&amp;cqlMode=true&amp;query=idn=120113562</subfield>
    <subfield code="0">(uri) http://viaf.org/viaf/sourceID/DNB|120113562</subfield>
    <subfield code="B">GND-120113562</subfield>
  </datafield>
  <datafield tag="700" ind1="1" ind2=" ">
    <subfield code="a">Alverson, Charles E.</subfield>
    <subfield code="d">1935-</subfield>
    <subfield code="0">(DE-588)108376990</subfield>
    <subfield code="4">aus</subfield>
    <subfield code="0">(uri) https://portal.dnb.de/opac.htm?method=simpleSearch&amp;cqlMode=true&amp;query=idn=108376990</subfield>
    <subfield code="0">(uri) http://viaf.org/viaf/sourceID/DNB|108376990</subfield>
    <subfield code="B">GND-108376990</subfield>
  </datafield>
  <datafield tag="700" ind1="1" ind2=" ">
    <subfield code="a">Carroll, Lewis</subfield>
    <subfield code="d">1832-1898</subfield>
    <subfield code="0">(DE-588)11851928X</subfield>
    <subfield code="4">oth</subfield>
    <subfield code="e">Vorl.</subfield>
    <subfield code="0">(uri) https://portal.dnb.de/opac.htm?method=simpleSearch&amp;cqlMode=true&amp;query=idn=11851928X</subfield>
    <subfield code="0">(uri) http://viaf.org/viaf/sourceID/DNB|11851928X</subfield>
    <subfield code="B">GND-11851928X</subfield>
  </datafield>
  <datafield tag="710" ind1="2" ind2=" ">
    <subfield code="a">Monty Python</subfield>
    <subfield code="g">K&#252;nstlervereinigung</subfield>
    <subfield code="0">(DE-588)811153-4</subfield>
    <subfield code="4">oth</subfield>
    <subfield code="0">(uri) https://portal.dnb.de/opac.htm?method=simpleSearch&amp;cqlMode=true&amp;query=idn=008111537</subfield>
    <subfield code="0">(uri) http://viaf.org/viaf/sourceID/DNB|008111537</subfield>
    <subfield code="B">GND-008111537</subfield>
  </datafield>
  <datafield tag="964" ind1="0" ind2="s">
    <subfield code="F">030</subfield>
    <subfield code="A">a|1uc||||||37</subfield>
  </datafield>
  <datafield tag="964" ind1="0" ind2="s">
    <subfield code="F">050</subfield>
    <subfield code="A">||||||||d|||||</subfield>
  </datafield>
  <datafield tag="964" ind1="0" ind2="s">
    <subfield code="F">051</subfield>
    <subfield code="A">m||||||3</subfield>
  </datafield>
  <datafield tag="035" ind1=" " ind2=" ">
    <subfield code="a">(OCoLC)1106941438</subfield>
    <subfield code="0">(uri) http://www.worldcat.org/oclc/1106941438</subfield>
  </datafield>
  <datafield tag="035" ind1=" " ind2=" ">
    <subfield code="a">(DE-599)BVBBV023533391</subfield>
  </datafield>
  <datafield tag="MBD" ind1=" " ind2=" ">
    <subfield code="M">49HBZ_NETWORK</subfield>
    <subfield code="i">990182558890206441</subfield>
    <subfield code="n">HBZ Network</subfield>
  </datafield>
  <datafield tag="MBD" ind1=" " ind2=" ">
    <subfield code="M">49HBZ_DUE</subfield>
    <subfield code="i">990023834710206443</subfield>
    <subfield code="n">ULB D&#252;sseldorf</subfield>
  </datafield>
  <datafield tag="340" ind1=" " ind2=" ">
    <subfield code="a">DVD-Video</subfield>
    <subfield code="9">F:652a</subfield>
    <subfield code="M">49HBZ_DUE</subfield>
  </datafield>
  <datafield tag="500" ind1=" " ind2=" ">
    <subfield code="a">Orig.: Gro&#223;britannien, 1977. - Freigegeben ab 16 Jahren</subfield>
    <subfield code="9">F:511</subfield>
    <subfield code="M">49HBZ_DUE</subfield>
  </datafield>
  <datafield tag="983" ind1=" " ind2=" ">
    <subfield code="a">teav961</subfield>
    <subfield code="9">LOCAL</subfield>
    <subfield code="M">49HBZ_DUE</subfield>
  </datafield>
  <datafield tag="993" ind1=" " ind2=" ">
    <subfield code="a">Spielfilm</subfield>
    <subfield code="9">LOCAL</subfield>
    <subfield code="M">49HBZ_DUE</subfield>
  </datafield>
  <datafield tag="993" ind1=" " ind2=" ">
    <subfield code="a">Filmkom&#246;die</subfield>
    <subfield code="9">LOCAL</subfield>
    <subfield code="M">49HBZ_DUE</subfield>
  </datafield>
  <datafield tag="993" ind1=" " ind2=" ">
    <subfield code="a">Satire</subfield>
    <subfield code="9">LOCAL</subfield>
    <subfield code="M">49HBZ_DUE</subfield>
  </datafield>
  <datafield tag="996" ind1=" " ind2=" ">
    <subfield code="s">Film</subfield>
    <subfield code="0">(DE-588)4017102-4</subfield>
    <subfield code="9">LOCAL</subfield>
    <subfield code="M">49HBZ_DUE</subfield>
  </datafield>
  <datafield tag="996" ind1=" " ind2=" ">
    <subfield code="s">Filmkom&#246;die</subfield>
    <subfield code="0">(DE-588)4154364-6</subfield>
    <subfield code="9">LOCAL</subfield>
    <subfield code="M">49HBZ_DUE</subfield>
  </datafield>
  <datafield tag="996" ind1=" " ind2=" ">
    <subfield code="s">Satire</subfield>
    <subfield code="0">(DE-588)4051752-4</subfield>
    <subfield code="9">LOCAL</subfield>
    <subfield code="M">49HBZ_DUE</subfield>
  </datafield>
  <datafield tag="996" ind1=" " ind2=" ">
    <subfield code="a">Spiel</subfield>
    <subfield code="9">LOCAL</subfield>
    <subfield code="M">49HBZ_DUE</subfield>
  </datafield>
  <datafield tag="MNG" ind1=" " ind2=" ">
    <subfield code="c">System</subfield>
    <subfield code="f">ILS</subfield>
    <subfield code="i">marc21</subfield>
    <subfield code="k">01</subfield>
    <subfield code="e">false</subfield>
    <subfield code="d">2021-07-22 05:49:36 Europe/Berlin</subfield>
    <subfield code="g">018255889-HBZ01</subfield>
    <subfield code="j">60</subfield>
    <subfield code="a">import</subfield>
    <subfield code="b">2021-04-05 11:16:22 Europe/Berlin</subfield>
  </datafield>
  <datafield tag="H52" ind1="8" ind2=" ">
    <subfield code="b">X0001</subfield>
    <subfield code="c">00</subfield>
    <subfield code="h">nc/12926</subfield>
    <subfield code="8">22283725050006443</subfield>
  </datafield>
  <datafield tag="HOL" ind1=" " ind2=" ">
    <subfield code="b">2021-04-01 11:21:16</subfield>
    <subfield code="8">22283725050006443</subfield>
    <subfield code="M">49HBZ_DUE</subfield>
    <subfield code="g">false</subfield>
    <subfield code="a">import</subfield>
  </datafield>
  <datafield tag="ITM" ind1=" " ind2=" ">
    <subfield code="H">22283725050006443</subfield>
    <subfield code="x">00</subfield>
    <subfield code="f">DVD</subfield>
    <subfield code="v">00</subfield>
    <subfield code="p">11</subfield>
    <subfield code="X">System</subfield>
    <subfield code="U">2010-10-19 10:59:00</subfield>
    <subfield code="Y">2021-04-01 11:21:55</subfield>
    <subfield code="h">false</subfield>
    <subfield code="P">38/d/n/1</subfield>
    <subfield code="M">49HBZ_DUE</subfield>
    <subfield code="s">1</subfield>
    <subfield code="d">8</subfield>
    <subfield code="V">import</subfield>
    <subfield code="b">121121301</subfield>
    <subfield code="a">23283725020006443</subfield>
    <subfield code="R">Maintenance count: 009</subfield>
    <subfield code="c">nc/12926</subfield>
    <subfield code="S">ZB10-13348</subfield>
    <subfield code="D">20101027</subfield>
    <subfield code="W">2021-04-01 11:21:16</subfield>
    <subfield code="u">X0001</subfield>
    <subfield code="w">X0001</subfield>
  </datafield>
  <datafield tag="GKT" ind1="2" ind2=" ">
    <subfield code="a">&lt;&lt;The&gt;&gt; Pythons</subfield>
    <subfield code="g">K&#252;nstlervereinigung</subfield>
    <subfield code="A">GND</subfield>
    <subfield code="B">GND-008111537</subfield>
    <subfield code="C">410</subfield>
  </datafield>
  <datafield tag="GKT" ind1="2" ind2=" ">
    <subfield code="a">Pythons</subfield>
    <subfield code="g">K&#252;nstlervereinigung</subfield>
    <subfield code="A">GND</subfield>
    <subfield code="B">GND-008111537</subfield>
    <subfield code="C">410</subfield>
  </datafield>
  <datafield tag="GSI" ind1="7" ind2=" ">
    <subfield code="a">811153-4</subfield>
    <subfield code="0">http://d-nb.info/gnd/811153-4</subfield>
    <subfield code="2">gnd</subfield>
    <subfield code="A">GND</subfield>
    <subfield code="B">GND-008111537</subfield>
    <subfield code="C">024</subfield>
  </datafield>
  <datafield tag="GPN" ind1="1" ind2=" ">
    <subfield code="a">Carroll, Levis</subfield>
    <subfield code="d">1832-1898</subfield>
    <subfield code="A">GND</subfield>
    <subfield code="B">GND-11851928X</subfield>
    <subfield code="C">400</subfield>
  </datafield>
  <datafield tag="GPN" ind1="1" ind2=" ">
    <subfield code="a">Carroll, L.</subfield>
    <subfield code="d">1832-1898</subfield>
    <subfield code="A">GND</subfield>
    <subfield code="B">GND-11851928X</subfield>
    <subfield code="C">400</subfield>
  </datafield>
  <datafield tag="GPN" ind1="1" ind2=" ">
    <subfield code="a">Caroll, Lewis</subfield>
    <subfield code="d">1832-1898</subfield>
    <subfield code="9">v:Falsche Namensform</subfield>
    <subfield code="A">GND</subfield>
    <subfield code="B">GND-11851928X</subfield>
    <subfield code="C">400</subfield>
  </datafield>
  <datafield tag="GPN" ind1="1" ind2=" ">
    <subfield code="a">Caroll, L.</subfield>
    <subfield code="d">1832-1898</subfield>
    <subfield code="9">v:Falsche Namensform</subfield>
    <subfield code="A">GND</subfield>
    <subfield code="B">GND-11851928X</subfield>
    <subfield code="C">400</subfield>
  </datafield>
  <datafield tag="GPN" ind1="1" ind2=" ">
    <subfield code="a">Carrol, Lewis</subfield>
    <subfield code="d">1832-1898</subfield>
    <subfield code="9">v:Falsche Namensform</subfield>
    <subfield code="A">GND</subfield>
    <subfield code="B">GND-11851928X</subfield>
    <subfield code="C">400</subfield>
  </datafield>
  <datafield tag="GPN" ind1="1" ind2=" ">
    <subfield code="a">Carol, Lewis</subfield>
    <subfield code="d">1832-1898</subfield>
    <subfield code="9">v:Falsche Namensform</subfield>
    <subfield code="A">GND</subfield>
    <subfield code="B">GND-11851928X</subfield>
    <subfield code="C">400</subfield>
  </datafield>
  <datafield tag="GPN" ind1="0" ind2=" ">
    <subfield code="a">Jiale&apos;er</subfield>
    <subfield code="d">1832-1898</subfield>
    <subfield code="A">GND</subfield>
    <subfield code="B">GND-11851928X</subfield>
    <subfield code="C">400</subfield>
  </datafield>
  <datafield tag="GPN" ind1="1" ind2=" ">
    <subfield code="a">Ka luo er, Liu yi si</subfield>
    <subfield code="d">1832-1898</subfield>
    <subfield code="9">v:chinesischer Name</subfield>
    <subfield code="A">GND</subfield>
    <subfield code="B">GND-11851928X</subfield>
    <subfield code="C">400</subfield>
  </datafield>
  <datafield tag="GPN" ind1="1" ind2=" ">
    <subfield code="a">Ka luo er, Lu yi shi</subfield>
    <subfield code="d">1832-1898</subfield>
    <subfield code="9">v:chinesischer Name</subfield>
    <subfield code="A">GND</subfield>
    <subfield code="B">GND-11851928X</subfield>
    <subfield code="C">400</subfield>
  </datafield>
  <datafield tag="GPN" ind1="1" ind2=" ">
    <subfield code="a">Kaluo&apos;er, Liuyisi</subfield>
    <subfield code="d">1832-1898</subfield>
    <subfield code="9">v:chinesischer Name</subfield>
    <subfield code="A">GND</subfield>
    <subfield code="B">GND-11851928X</subfield>
    <subfield code="C">400</subfield>
  </datafield>
  <datafield tag="GPN" ind1="1" ind2=" ">
    <subfield code="a">Kaluo&apos;er, Luyishi</subfield>
    <subfield code="d">1832-1898</subfield>
    <subfield code="9">v:chinesischer Name</subfield>
    <subfield code="A">GND</subfield>
    <subfield code="B">GND-11851928X</subfield>
    <subfield code="C">400</subfield>
  </datafield>
  <datafield tag="GPN" ind1="1" ind2=" ">
    <subfield code="a">Karol, L.</subfield>
    <subfield code="d">1832-1898</subfield>
    <subfield code="A">GND</subfield>
    <subfield code="B">GND-11851928X</subfield>
    <subfield code="C">400</subfield>
  </datafield>
  <datafield tag="GPN" ind1="1" ind2=" ">
    <subfield code="a">Kerol, Luis</subfield>
    <subfield code="d">1832-1898</subfield>
    <subfield code="A">GND</subfield>
    <subfield code="B">GND-11851928X</subfield>
    <subfield code="C">400</subfield>
  </datafield>
  <datafield tag="GPN" ind1="1" ind2=" ">
    <subfield code="a">Kerrol, L&apos;juis</subfield>
    <subfield code="d">1832-1898</subfield>
    <subfield code="A">GND</subfield>
    <subfield code="B">GND-11851928X</subfield>
    <subfield code="C">400</subfield>
  </datafield>
  <datafield tag="GPN" ind1="1" ind2=" ">
    <subfield code="a">K&#279;rroll, L&apos;juis</subfield>
    <subfield code="d">1832-1898</subfield>
    <subfield code="A">GND</subfield>
    <subfield code="B">GND-11851928X</subfield>
    <subfield code="C">400</subfield>
  </datafield>
  <datafield tag="GPN" ind1="1" ind2=" ">
    <subfield code="a">K&#279;rroll, L.</subfield>
    <subfield code="d">1832-1898</subfield>
    <subfield code="A">GND</subfield>
    <subfield code="B">GND-11851928X</subfield>
    <subfield code="C">400</subfield>
  </datafield>
  <datafield tag="GPN" ind1="1" ind2=" ">
    <subfield code="a">Kyaroru, Ruisu</subfield>
    <subfield code="d">1832-1898</subfield>
    <subfield code="A">GND</subfield>
    <subfield code="B">GND-11851928X</subfield>
    <subfield code="C">400</subfield>
  </datafield>
  <datafield tag="GPN" ind1="0" ind2=" ">
    <subfield code="a">Liu yi si Ka luo er</subfield>
    <subfield code="d">1832-1898</subfield>
    <subfield code="9">v:chinesischer Name</subfield>
    <subfield code="A">GND</subfield>
    <subfield code="B">GND-11851928X</subfield>
    <subfield code="C">400</subfield>
  </datafield>
  <datafield tag="GPN" ind1="0" ind2=" ">
    <subfield code="a">Liuyisi Kaluo&apos;er</subfield>
    <subfield code="d">1832-1898</subfield>
    <subfield code="9">v:chinesischer Name</subfield>
    <subfield code="A">GND</subfield>
    <subfield code="B">GND-11851928X</subfield>
    <subfield code="C">400</subfield>
  </datafield>
  <datafield tag="GPN" ind1="0" ind2=" ">
    <subfield code="a">Lu yi shi Ka luo er</subfield>
    <subfield code="d">1832-1898</subfield>
    <subfield code="9">v:chinesischer Name</subfield>
    <subfield code="A">GND</subfield>
    <subfield code="B">GND-11851928X</subfield>
    <subfield code="C">400</subfield>
  </datafield>
  <datafield tag="GPN" ind1="0" ind2=" ">
    <subfield code="a">Luyishi Kaluo&apos;er</subfield>
    <subfield code="d">1832-1898</subfield>
    <subfield code="9">v:chinesischer Name</subfield>
    <subfield code="A">GND</subfield>
    <subfield code="B">GND-11851928X</subfield>
    <subfield code="C">400</subfield>
  </datafield>
  <datafield tag="GPN" ind1="1" ind2=" ">
    <subfield code="a">Q&#257;r&#244;l, L&#251;&apos;&#238;s</subfield>
    <subfield code="d">1832-1898</subfield>
    <subfield code="A">GND</subfield>
    <subfield code="B">GND-11851928X</subfield>
    <subfield code="C">400</subfield>
  </datafield>
  <datafield tag="GPN" ind1="1" ind2=" ">
    <subfield code="a">Karol, Luis</subfield>
    <subfield code="d">1832-1898</subfield>
    <subfield code="A">GND</subfield>
    <subfield code="B">GND-11851928X</subfield>
    <subfield code="C">400</subfield>
  </datafield>
  <datafield tag="GPN" ind1="1" ind2=" ">
    <subfield code="a">Carrollu, Lewisu</subfield>
    <subfield code="d">1832-1898</subfield>
    <subfield code="A">GND</subfield>
    <subfield code="B">GND-11851928X</subfield>
    <subfield code="C">400</subfield>
  </datafield>
  <datafield tag="GPN" ind1="1" ind2=" ">
    <subfield code="a">&#7730;arol, Luis</subfield>
    <subfield code="d">1832-1898</subfield>
    <subfield code="A">GND</subfield>
    <subfield code="B">GND-11851928X</subfield>
    <subfield code="C">400</subfield>
  </datafield>
  <datafield tag="GPN" ind1="0" ind2=" ">
    <subfield code="a">Kaluoer</subfield>
    <subfield code="d">1832-1898</subfield>
    <subfield code="9">v:Chines.</subfield>
    <subfield code="A">GND</subfield>
    <subfield code="B">GND-11851928X</subfield>
    <subfield code="C">400</subfield>
  </datafield>
  <datafield tag="GPN" ind1="1" ind2=" ">
    <subfield code="a">Karrol, Lews</subfield>
    <subfield code="d">1832-1898</subfield>
    <subfield code="9">v:Uigur.</subfield>
    <subfield code="A">GND</subfield>
    <subfield code="B">GND-11851928X</subfield>
    <subfield code="C">400</subfield>
  </datafield>
  <datafield tag="GPN" ind1="0" ind2=" ">
    <subfield code="9">U:Hans</subfield>
    <subfield code="a">&#21016;&#26131;&#19997;&#12539;&#21345;&#32599;&#23572;</subfield>
    <subfield code="d">1832-1898</subfield>
    <subfield code="9">v:chinesischer Name</subfield>
    <subfield code="A">GND</subfield>
    <subfield code="B">GND-11851928X</subfield>
    <subfield code="C">400</subfield>
  </datafield>
  <datafield tag="GPN" ind1="1" ind2=" ">
    <subfield code="9">U:Hebr</subfield>
    <subfield code="a">&#1511;&#1512;&#1493;&#1500;, &#1500;&#1493;&#1488;&#1497;&#1505;</subfield>
    <subfield code="d">1832-1898</subfield>
    <subfield code="A">GND</subfield>
    <subfield code="B">GND-11851928X</subfield>
    <subfield code="C">400</subfield>
  </datafield>
  <datafield tag="GPN" ind1="0" ind2=" ">
    <subfield code="9">U:Hans</subfield>
    <subfield code="a">&#21345;&#32599;&#23572;</subfield>
    <subfield code="d">1832-1898</subfield>
    <subfield code="A">GND</subfield>
    <subfield code="B">GND-11851928X</subfield>
    <subfield code="C">400</subfield>
  </datafield>
  <datafield tag="GPN" ind1="1" ind2=" ">
    <subfield code="9">U:Hans</subfield>
    <subfield code="a">&#21345;&#32599;&#23572;, &#21016;&#26131;&#19997;</subfield>
    <subfield code="d">1832-1898</subfield>
    <subfield code="9">v:chinesischer Name</subfield>
    <subfield code="A">GND</subfield>
    <subfield code="B">GND-11851928X</subfield>
    <subfield code="C">400</subfield>
  </datafield>
  <datafield tag="GPN" ind1="0" ind2=" ">
    <subfield code="9">U:Hant</subfield>
    <subfield code="a">&#36335;&#26131;&#22763;&#21345;&#27931;&#29246;</subfield>
    <subfield code="d">1832-1898</subfield>
    <subfield code="9">v:chinesischer Name</subfield>
    <subfield code="A">GND</subfield>
    <subfield code="B">GND-11851928X</subfield>
    <subfield code="C">400</subfield>
  </datafield>
  <datafield tag="GPN" ind1="1" ind2=" ">
    <subfield code="9">U:Hant</subfield>
    <subfield code="a">&#21345;&#27931;&#29246;, &#36335;&#26131;&#22763;</subfield>
    <subfield code="d">1832-1898</subfield>
    <subfield code="9">v:chinesischer Name</subfield>
    <subfield code="A">GND</subfield>
    <subfield code="B">GND-11851928X</subfield>
    <subfield code="C">400</subfield>
  </datafield>
  <datafield tag="GPN" ind1="0" ind2=" ">
    <subfield code="9">U:Hans</subfield>
    <subfield code="a">&#36335;&#26131;&#22763;&#21345;&#27931;&#23572;</subfield>
    <subfield code="d">1832-1898</subfield>
    <subfield code="9">v:chinesischer Name</subfield>
    <subfield code="A">GND</subfield>
    <subfield code="B">GND-11851928X</subfield>
    <subfield code="C">400</subfield>
  </datafield>
  <datafield tag="GPN" ind1="1" ind2=" ">
    <subfield code="9">U:Hans</subfield>
    <subfield code="a">&#21345;&#27931;&#23572;, &#36335;&#26131;&#22763;</subfield>
    <subfield code="d">1832-1898</subfield>
    <subfield code="9">v:chinesischer Name</subfield>
    <subfield code="A">GND</subfield>
    <subfield code="B">GND-11851928X</subfield>
    <subfield code="C">400</subfield>
  </datafield>
  <datafield tag="GPN" ind1="1" ind2=" ">
    <subfield code="9">U:Hans</subfield>
    <subfield code="a">&#21345;&#32599;&#23572;, &#21016;&#26131;&#26031;</subfield>
    <subfield code="d">1832-1898</subfield>
    <subfield code="9">v:chinesischer Name</subfield>
    <subfield code="A">GND</subfield>
    <subfield code="B">GND-11851928X</subfield>
    <subfield code="C">400</subfield>
  </datafield>
  <datafield tag="GSI" ind1="7" ind2=" ">
    <subfield code="a">11851928X</subfield>
    <subfield code="0">http://d-nb.info/gnd/11851928X</subfield>
    <subfield code="2">gnd</subfield>
    <subfield code="A">GND</subfield>
    <subfield code="B">GND-11851928X</subfield>
    <subfield code="C">024</subfield>
  </datafield>
  <datafield tag="GPN" ind1="1" ind2=" ">
    <subfield code="a">Alverson, Charles</subfield>
    <subfield code="d">1935-</subfield>
    <subfield code="A">GND</subfield>
    <subfield code="B">GND-108376990</subfield>
    <subfield code="C">400</subfield>
  </datafield>
  <datafield tag="GPN" ind1="1" ind2=" ">
    <subfield code="a">Alverson, Charles Elgin</subfield>
    <subfield code="d">1935-</subfield>
    <subfield code="A">GND</subfield>
    <subfield code="B">GND-108376990</subfield>
    <subfield code="C">400</subfield>
  </datafield>
  <datafield tag="GPN" ind1="1" ind2=" ">
    <subfield code="a">Elgin Alverson, Charles</subfield>
    <subfield code="d">1935-</subfield>
    <subfield code="A">GND</subfield>
    <subfield code="B">GND-108376990</subfield>
    <subfield code="C">400</subfield>
  </datafield>
  <datafield tag="GPN" ind1="1" ind2=" ">
    <subfield code="a">Alverson, Chuck</subfield>
    <subfield code="d">1935-</subfield>
    <subfield code="A">GND</subfield>
    <subfield code="B">GND-108376990</subfield>
    <subfield code="C">400</subfield>
  </datafield>
  <datafield tag="GPN" ind1="1" ind2=" ">
    <subfield code="a">Phillips, Edward</subfield>
    <subfield code="d">1935-</subfield>
    <subfield code="4">pseu</subfield>
    <subfield code="4">http://d-nb.info/standards/elementset/gnd#pseudonym</subfield>
    <subfield code="w">r</subfield>
    <subfield code="i">Pseudonym</subfield>
    <subfield code="e">Pseudonym</subfield>
    <subfield code="A">GND</subfield>
    <subfield code="B">GND-108376990</subfield>
    <subfield code="C">400</subfield>
  </datafield>
  <datafield tag="GSI" ind1="7" ind2=" ">
    <subfield code="a">http://d-nb.info/gnd/108376990</subfield>
    <subfield code="2">uri</subfield>
    <subfield code="A">GND</subfield>
    <subfield code="B">GND-108376990</subfield>
    <subfield code="C">024</subfield>
  </datafield>
  <datafield tag="GSI" ind1="7" ind2=" ">
    <subfield code="a">http://d-nb.info/gnd/120113562</subfield>
    <subfield code="2">uri</subfield>
    <subfield code="A">GND</subfield>
    <subfield code="B">GND-120113562</subfield>
    <subfield code="C">024</subfield>
  </datafield>
  <datafield tag="GPN" ind1="1" ind2=" ">
    <subfield code="a">Mesurier, John &lt;&lt;le&gt;&gt;</subfield>
    <subfield code="d">1912-1983</subfield>
    <subfield code="9">v:RAK-WB &#167; 315, Abs. 1</subfield>
    <subfield code="A">GND</subfield>
    <subfield code="B">GND-123401208</subfield>
    <subfield code="C">400</subfield>
  </datafield>
  <datafield tag="GPN" ind1="1" ind2=" ">
    <subfield code="a">LeMesurier, John</subfield>
    <subfield code="d">1912-1983</subfield>
    <subfield code="9">v:RAK-WB &#167; 315, Abs. 2; Vorlage</subfield>
    <subfield code="A">GND</subfield>
    <subfield code="B">GND-123401208</subfield>
    <subfield code="C">400</subfield>
  </datafield>
  <datafield tag="GPN" ind1="1" ind2=" ">
    <subfield code="a">Le Mesurier De Somerys Hallilay, John Charles Elton</subfield>
    <subfield code="d">1912-1983</subfield>
    <subfield code="4">nawi</subfield>
    <subfield code="4">https://d-nb.info/standards/elementset/gnd#realIdentity</subfield>
    <subfield code="w">r</subfield>
    <subfield code="i">Wirklicher Name</subfield>
    <subfield code="e">Wirklicher Name</subfield>
    <subfield code="A">GND</subfield>
    <subfield code="B">GND-123401208</subfield>
    <subfield code="C">400</subfield>
  </datafield>
  <datafield tag="GSI" ind1="7" ind2=" ">
    <subfield code="a">123401208</subfield>
    <subfield code="0">http://d-nb.info/gnd/123401208</subfield>
    <subfield code="2">gnd</subfield>
    <subfield code="A">GND</subfield>
    <subfield code="B">GND-123401208</subfield>
    <subfield code="C">024</subfield>
  </datafield>
  <datafield tag="GPN" ind1="1" ind2=" ">
    <subfield code="a">Corbett, Harry</subfield>
    <subfield code="d">1925-1982</subfield>
    <subfield code="A">GND</subfield>
    <subfield code="B">GND-132332582</subfield>
    <subfield code="C">400</subfield>
  </datafield>
  <datafield tag="GSI" ind1="7" ind2=" ">
    <subfield code="a">132332582</subfield>
    <subfield code="0">http://d-nb.info/gnd/132332582</subfield>
    <subfield code="2">gnd</subfield>
    <subfield code="A">GND</subfield>
    <subfield code="B">GND-132332582</subfield>
    <subfield code="C">024</subfield>
  </datafield>
  <datafield tag="GPN" ind1="1" ind2=" ">
    <subfield code="a">Gilliam, Terence Vance</subfield>
    <subfield code="d">1940-</subfield>
    <subfield code="4">nawi</subfield>
    <subfield code="4">https://d-nb.info/standards/elementset/gnd#realIdentity</subfield>
    <subfield code="w">r</subfield>
    <subfield code="i">Wirklicher Name</subfield>
    <subfield code="e">Wirklicher Name</subfield>
    <subfield code="A">GND</subfield>
    <subfield code="B">GND-119011077</subfield>
    <subfield code="C">400</subfield>
  </datafield>
  <datafield tag="GSI" ind1="7" ind2=" ">
    <subfield code="a">119011077</subfield>
    <subfield code="0">http://d-nb.info/gnd/119011077</subfield>
    <subfield code="2">gnd</subfield>
    <subfield code="A">GND</subfield>
    <subfield code="B">GND-119011077</subfield>
    <subfield code="C">024</subfield>
  </datafield>
</record>